@misc{NeuroLaunchMakingSomeoneWait,
    author = {NeuroLaunch},
    title = {Psychology of Making Someone Wait: Understanding the Impact of Queue Dynamics},
    year = 2024,
    month = 9,
    date = 15,
    howpublished = { \url{
        https://neurolaunch.com/psychology-of-making-someone-wait/
    } },
}

@misc{NeuroLaunchWaitingInLine,
    author = {NeuroLaunch},
    title = {Psychology of Waiting in Line: The Science Behind Queue Behavior},
    year = 2024,
    month = 9,
    date = 14,
    howpublished = { \url{
        https://neurolaunch.com/psychology-of-waiting-in-line/
    } },
}

@misc{MathewTransportationSystemsEngineering,
    author = {T. Mathew},
    title = {Lecture Notes in Transportation Systems Engineering},
    year = 2023,
    howpublished = { 
        \url{https://www.civil.iitb.ac.in/~vmtom/nptel/585_Queuing/web/web.html
    } },
}

@article{ErlangSandsynlighedsregning,
    author = {A. K. Erlang},
    title = {Sandsynlighedsregning og Telefonsamtaler},
    journal = {Nyt Tidsskrift for matematik B},
    volume = 20,
    pages = {33-39},
    year = 1909,
    howpublished = { \url{
        https://ezproxy.server.hv.se/login?url=https://www.jstor.org/stable/24528622
    } },
}

@video{QueueItWhatisQueuePsychology,
    author = {Queue-it},
    title = {What is Queue Psychology? Understanding the Science of Waiting | Quick Questions with Queue-it},
    howpublished = { \url{
        https://youtube.com/watch?v=RFvnDeGgtBU
    } },
}

@software{AvekvistLorentzonDta400,
    author = {{H. Avekvist}, {F. Lorentzon}},
    title = {DTA400},
    howpublished = { \url{
        https://github.com/felicialorentzon/DTA400
    } },
}

@misc{RutgersQueuingTheoryEquations,
    author = {Rutgers University},
    title = {Queuing Theory Equations},
    howpublished = { \url{
        http://archive.dimacs.rutgers.edu/Workshops/ASIEconEpi/Slides/Queuing_Theory_Equations.pdf
    } },
}

@software{ChukovaUcarQueuingSystems,
    author = {{IÃ±aki Ucar}, {Stefanka Chukova}},
    title = {Queuing Systems M/M/1 and M/M/c},
    year = 2018,
    month = 5,
    date = 31,
    howpublished = { \url{
        https://homepages.ecs.vuw.ac.nz/~schukova/SCIE201/Lectures/Lecture9_final2018.html
    } },
}

@software{SimPy,
    author = {Team SimPy},
    title = {SimPy documentation},
    year = 2024,
    howpublished = { \url{
        https://simpy.readthedocs.io/
    } },
}

@software{SQLite3,
    author = {SQLite Consortium},
    title = {SQLite home page},
    year = 2024,
    howpublished = { \url{
        https://www.sqlite.org/about.html
    } },
}
